<record xmlns="http://www.loc.gov/MARC21/slim" xmlns:xsi="http://www.w3.org/2001/XMLSchema-instance" xsi:schemaLocation="http://www.loc.gov/MARC21/slim http://www.loc.gov/standards/marcxml/schema/MARC21slim.xsd"><leader>00000nam  22005535i 4500</leader><controlfield tag="001">9789522794666</controlfield><controlfield tag="003">FI-BTJ</controlfield><controlfield tag="005">20170616013130</controlfield><controlfield tag="008">170328s2017    fi ||||      |00| f|fin|c</controlfield><datafield ind1=" " ind2=" " tag="020"><subfield code="a">9789522794666</subfield><subfield code="q">pehme&#228;kantinen</subfield></datafield><datafield ind1=" " ind2=" " tag="040"><subfield code="a">FI-NL</subfield><subfield code="b">fin</subfield><subfield code="e">rda</subfield><subfield code="d">FI-BTJ</subfield></datafield><datafield ind1="1" ind2=" " tag="041"><subfield code="a">fin</subfield><subfield code="h">fre</subfield></datafield><datafield ind1=" " ind2=" " tag="080"><subfield code="a">820-3</subfield></datafield><datafield ind1=" " ind2=" " tag="084"><subfield code="a">84.2</subfield><subfield code="2">ykl</subfield></datafield><datafield ind1=" " ind2=" " tag="091"><subfield code="a">89</subfield></datafield><datafield ind1=" " ind2=" " tag="094"><subfield code="a">1.4</subfield></datafield><datafield ind1=" " ind2=" " tag="095"><subfield code="a">1.4</subfield></datafield><datafield ind1=" " ind2=" " tag="097"><subfield code="a">84.2</subfield></datafield><datafield ind1="1" ind2=" " tag="100"><subfield code="a">Morton, Kate,</subfield><subfield code="e">kirjoittaja.</subfield></datafield><datafield ind1="1" ind2="4" tag="240"><subfield code="a">The secret keeper,</subfield><subfield code="l">suomi</subfield></datafield><datafield ind1="1" ind2="0" tag="245"><subfield code="a">Salaisuuden kantaja /</subfield><subfield code="c">Kate Morton ; suomentanut Hilkka Pekkanen.</subfield></datafield><datafield ind1=" " ind2=" " tag="250"><subfield code="a">1. taskukirjapainos.</subfield></datafield><datafield ind1=" " ind2="1" tag="264"><subfield code="a">[Helsinki] :</subfield><subfield code="b">Bazar,</subfield><subfield code="c">[2017]</subfield></datafield><datafield ind1=" " ind2="3" tag="264"><subfield code="a">Tanska :</subfield><subfield code="b">N&#248;haven,</subfield><subfield code="c">2017.</subfield></datafield><datafield ind1=" " ind2=" " tag="300"><subfield code="a">669 sivua ;</subfield><subfield code="c">18 cm</subfield></datafield><datafield ind1=" " ind2=" " tag="336"><subfield code="a">teksti</subfield><subfield code="b">txt</subfield><subfield code="2">rdacontent</subfield></datafield><datafield ind1=" " ind2=" " tag="337"><subfield code="a">k&#228;ytett&#228;viss&#228; ilman laitetta</subfield><subfield code="b">n</subfield><subfield code="2">rdamedia</subfield></datafield><datafield ind1=" " ind2=" " tag="338"><subfield code="a">nide</subfield><subfield code="b">nc</subfield><subfield code="2">rdacarrier</subfield></datafield><datafield ind1=" " ind2=" " tag="574"><subfield code="a">Heli Uski</subfield></datafield><datafield ind1="1" ind2="4" tag="600"><subfield code="a">Nicholson, Laurel</subfield><subfield code="c">(fiktiivinen hahmo)</subfield></datafield><datafield ind1="1" ind2="4" tag="600"><subfield code="a">Nicholson, Dorothy</subfield><subfield code="c">(fiktiivinen hahmo)</subfield></datafield><datafield ind1=" " ind2="7" tag="648"><subfield code="a">1940-luku</subfield><subfield code="2">kaunokki</subfield></datafield><datafield ind1=" " ind2="7" tag="648"><subfield code="a">2010-luku</subfield><subfield code="2">kaunokki</subfield></datafield><datafield ind1=" " ind2="7" tag="650"><subfield code="a">salaisuudet</subfield><subfield code="2">kauno/fin</subfield><subfield code="0">http://www.yso.fi/onto/kauno/p2619</subfield></datafield><datafield ind1=" " ind2="7" tag="650"><subfield code="a">menneisyys</subfield><subfield code="2">kauno/fin</subfield><subfield code="0">http://www.yso.fi/onto/kauno/p2755</subfield></datafield><datafield ind1=" " ind2="7" tag="650"><subfield code="a">tappaminen</subfield><subfield code="2">kauno/fin</subfield><subfield code="0">http://www.yso.fi/onto/kauno/p5275</subfield></datafield><datafield ind1=" " ind2="7" tag="650"><subfield code="a">rakkaussuhde</subfield><subfield code="2">kauno/fin</subfield><subfield code="0">http://www.yso.fi/onto/kauno/p2284</subfield></datafield><datafield ind1=" " ind2="7" tag="650"><subfield code="a">petollisuus</subfield><subfield code="2">kauno/fin</subfield><subfield code="0">http://www.yso.fi/onto/kauno/p2322</subfield></datafield><datafield ind1=" " ind2="7" tag="650"><subfield code="a">traumat</subfield><subfield code="2">kauno/fin</subfield><subfield code="0">http://www.yso.fi/onto/kauno/p988</subfield></datafield><datafield ind1=" " ind2="7" tag="650"><subfield code="a">toinen maailmansota</subfield><subfield code="2">kauno/fin</subfield><subfield code="0">http://www.yso.fi/onto/kauno/p1560</subfield></datafield><datafield ind1=" " ind2="7" tag="650"><subfield code="a">&#228;idit</subfield><subfield code="2">kaunokki</subfield></datafield><datafield ind1=" " ind2="7" tag="650"><subfield code="a">tytt&#228;ret</subfield><subfield code="2">kauno/fin</subfield><subfield code="0">http://www.yso.fi/onto/kauno/p1278</subfield></datafield><datafield ind1=" " ind2="7" tag="650"><subfield code="a">kaupungit</subfield><subfield code="2">kauno/fin</subfield><subfield code="0">http://www.yso.fi/onto/kauno/p181</subfield></datafield><datafield ind1=" " ind2="7" tag="651"><subfield code="a">Iso-Britannia</subfield><subfield code="2">kaunokki</subfield></datafield><datafield ind1=" " ind2="7" tag="651"><subfield code="a">Lontoo</subfield><subfield code="2">kaunokki</subfield></datafield><datafield ind1=" " ind2="7" tag="655"><subfield code="a">romanttinen j&#228;nnityskirjallisuus</subfield><subfield code="2">slm/fin</subfield><subfield code="0">http://urn.fi/URN:NBN:fi:au:slm:s926</subfield></datafield><datafield ind1=" " ind2="7" tag="655"><subfield code="a">perheromaanit</subfield><subfield code="2">slm/fin</subfield><subfield code="0">http://urn.fi/URN:NBN:fi:au:slm:s1154</subfield></datafield><datafield ind1=" " ind2="7" tag="655"><subfield code="a">taskukirjat</subfield><subfield code="2">slm/fin</subfield><subfield code="0">http://urn.fi/URN:NBN:fi:au:slm:s70</subfield></datafield><datafield ind1=" " ind2="7" tag="655"><subfield code="a">romaanit</subfield><subfield code="2">slm/fin</subfield><subfield code="0">http://urn.fi/URN:NBN:fi:au:slm:s518</subfield></datafield><datafield ind1=" " ind2="7" tag="655"><subfield code="a">kaunokirjallisuus</subfield><subfield code="2">slm/fin</subfield><subfield code="0">http://urn.fi/URN:NBN:fi:au:slm:s975</subfield></datafield><datafield ind1=" " ind2="7" tag="655"><subfield code="a">englanninkielinen kirjallisuus</subfield><subfield code="2">local</subfield></datafield><datafield ind1=" " ind2="7" tag="655"><subfield code="a">k&#228;&#228;nn&#246;kset</subfield><subfield code="2">slm/fin</subfield><subfield code="0">http://urn.fi/URN:NBN:fi:au:slm:s1044</subfield></datafield><datafield ind1="1" ind2=" " tag="700"><subfield code="a">Pekkanen, Hilkka,</subfield><subfield code="e">k&#228;&#228;nt&#228;j&#228;.</subfield></datafield><datafield ind1=" " ind2=" " tag="852"><subfield code="x">Helsingin luokanmuutos 28.4.2026</subfield></datafield></record>